
@article{fliess1974,
  author  = {Michel Fliess},
  journal = {Journal de Math{\'e}matiques Pures et Appliqu{\'e}es},
  pages   = {197-222},
  title   = {Matrices de {H}ankel},
  volume  = {53},
  year    = {1974}
}


@book{hobby1988structure,
  author    = {Hobby, David Charles and McKenzie, Ralph},
  publisher = {American Mathematical Society Providence},
  title     = {The structure of finite algebras},
  volume    = {76},
  year      = {1988}
}



@url{bojanczyk_automata_2025,
  author = {Boja{\'n}czyk, Miko{\l}aj},
  title  = {An {Automata} {Toolbox}}
}


@inproceedings{hidingDT2022,
  address   = {Dagstuhl, Germany},
  author    = {Dou\'{e}neau-Tabot, Ga\"{e}tan},
  booktitle = {49th International Colloquium on Automata, Languages, and Programming (ICALP 2022)},
  editor    = {Boja\'{n}czyk, Miko{\l}aj and Merelli, Emanuela and Woodruff, David P.},
  pages     = {120:1--120:17},
  publisher = {Schloss Dagstuhl -- Leibniz-Zentrum f{\"u}r Informatik},
  series    = {Leibniz International Proceedings in Informatics (LIPIcs)},
  title     = {{Hiding Pebbles When the Output Alphabet Is Unary}},
  volume    = {229},
  year      = {2022}
}



@inproceedings{kreutzerRiveros2013,
  author    = {Kreutzer, Stephan and Riveros, Cristian},
  booktitle = {2013 28th Annual ACM/IEEE Symposium on Logic in Computer Science},
  pages     = {113-122},
  title     = {Quantitative Monadic Second-Order Logic},
  year      = {2013}
}


@article{shepherdson1959reduction,
  author  = {J. C. {Shepherdson}},
  journal = {IBM Journal of Research and Development},
  month   = {April},
  number  = {2},
  pages   = {198-200},
  title   = {The Reduction of Two-Way Automata to One-Way Automata},
  volume  = {3},
  year    = {1959}
}


@article{engelfrietMSODefinableString2001,
  author  = {Engelfriet, Joost and Hoogeboom, Hendrik Jan},
  journal = {ACM Trans. Comput. Logic},
  number  = {2},
  pages   = {216--254},
  title   = {{{MSO Definable String Transductions}} and {{Two}}-Way {{Finite}}-State {{Transducers}}},
  volume  = {2},
  year    = {2001}
}


@inproceedings{alurExpressivenessStreamingString2010,
  author    = {Alur, Rajeev and {\v C}ern{\'y}, Pavol},
  booktitle = {{{Foundations}} of {{Software Technology}} and {{Theoretical Computer Science}}, {{FSTTCS}} 2010, {{Chennai}}, {{India}}},
  pages     = {1--12},
  publisher = {{Schloss Dagstuhl - Leibniz-Zentrum fuer Informatik}},
  series    = {{{LIPIcs}}},
  title     = {Expressiveness of Streaming String Transducers},
  volume    = {8},
  year      = {2010}
}

@inproceedings{alur2014regular,
  author       = {Alur, Rajeev and Freilich, Adam and Raghothaman, Mukund},
  booktitle    = {{{Computer Science Logic and Logic in Computer Science}}, {{CSL}}-{{LICS}} 2014, {{Vienna}}, {{Austria}},},
  organization = {ACM},
  pages        = {1--10},
  title        = {Regular combinators for string transformations},
  year         = {2014}
}


@inproceedings{bojanczykRegularFirstOrderList2018,
  author    = {Boja\'nczyk, Miko{\l}aj and Daviaud, Laure and Krishna, Shankara Narayanan},
  booktitle = {{Logic} in {Computer Science}, {LICS}, {Oxford}, {UK}},
  pages     = {125--134},
  publisher = {{ACM}},
  title     = {Regular and {{First}}-{{Order List Functions}}},
  year      = {2018}
}


@inproceedings{bojanczykTitoRegular23,
  author    = {Mikolaj Bojanczyk and L{\^{e}} Th{\`{a}}nh Dung Nguy{\^{e}}n},
  booktitle = {50th International Colloquium on Automata, Languages, and Programming, {ICALP} 2023, July 10-14, 2023, Paderborn, Germany},
  editor    = {Kousha Etessami and Uriel Feige and Gabriele Puppis},
  pages     = {117:1--117:19},
  publisher = {Schloss Dagstuhl - Leibniz-Zentrum f{\"{u}}r Informatik},
  series    = {LIPIcs},
  title     = {Algebraic Recognition of Regular Functions},
  volume    = {261},
  year      = {2023}
}


@article{schutzenberger1961definition,
  author  = {Sch{\"u}tzenberger, Marcel Paul},
  journal = {Information and control},
  number  = {2--3},
  pages   = {245--270},
  title   = {On the definition of a family of automata},
  volume  = {4},
  year    = {1961}
}


@inproceedings{chytilSerialComposition2Way1977,
  author    = {Chytil, Michal and J{\'a}kl, Vojtech},
  booktitle = {{{International Colloquium on Automata, Languages and Programming}}, {{ICALP}}, {{Turku}}, {{Finland}}},
  pages     = {135--147},
  publisher = {{Springer}},
  series    = {Lecture {{Notes}} in {{Computer Science}}},
  title     = {Serial {{Composition}} of 2-{{Way Finite}}-{{State Transducers}} and {{Simple Programs}} on {{Strings}}},
  volume    = {52},
  year      = {1977}
}


@article{gurariEquivalenceProblemDeterministic1982,
  author  = {Gurari, Eitan M.},
  journal = {SIAM J. Comput.},
  number  = {3},
  pages   = {448--452},
  title   = {The {{Equivalence Problem}} for {{Deterministic Two}}-{{Way Sequential Transducers}} Is {{Decidable}}},
  volume  = {11},
  year    = {1982}
}




@misc{bojanczyk_recobook,
  author       = {Boja\'nczyk, Miko{\l}aj},
  howpublished = {\url{https://www.mimuw.edu.pl/~bojan/papers/algebra-26-aug-2020.pdf}},
  title        = {Languages recognised by finite semigroups, and their generalisations to objects such as trees and graphs, with an emphasis on definability in monadic second-order logic},
  year         = {2020}
}



@inproceedings{Zpolyreg23,
  address   = {Los Alamitos, CA, USA},
  author    = {Colcombet, Thomas and Doueneau-Tabot, Gaetan and Lopez, Aliaume},
  booktitle = {2023 38th Annual ACM/IEEE Symposium on Logic in Computer Science (LICS)},
  month     = Jun,
  pages     = {1-13},
  publisher = {IEEE Computer Society},
  title     = {{ $\mathbb Z$-polyregular functions }},
  year      = {2023}
}


@book{BerstelReutenauer08,
  author    = {Berstel, Jean and Reutenauer, Christophe},
  publisher = {EATCS Monographs},
  title     = {Rational series and their languages},
  year      = {2008}
}


@phdthesis{gaetanThese23,
  author = {Ga{\"e}tan Dou{\'e}neau-Tabot},
  school = {Universit{\'e} Paris Cit{\'e}},
  title  = {Optimization of string transducers},
  year   = {2023}
}



@article{szendrei1986clones,
  author  = {Szendrei, {\'A}gnes},
  journal = {Les presses de L'universite de Montreal},
  title   = {Clones in universal algebra},
  year    = {1986}
}


@article{continuity20,
  author  = {Micha{\"e}l Cadilhac and Olivier Carton and Charles Paperman},
  journal = {Logical Methods in Computer Science},
  month   = {Feb},
  title   = {Continuity of Functional Transducers: A Profinite Study of Rational Functions},
  volume  = {Volume 16, Issue 1},
  year    = {2020}
}


@article{PinSilva05,
  author  = {Jean-{\'E}ric Pin and Pedro V. Silva},
  journal = {Theoretical Computer Science},
  number  = {2},
  pages   = {443-456},
  title   = {A topological approach to transductions},
  volume  = {340},
  year    = {2005}
}




@article{simonFactorizationForestsFinite1990,
  author  = {Simon, Imre},
  journal = {Theoretical Computer Science},
  number  = {1},
  pages   = {65--94},
  title   = {Factorization Forests of Finite Height},
  volume  = {72},
  year    = {1990}
}


@inproceedings{bojanczykFactorizationForests2009,
  author    = {Boja\'nczyk, Miko{\l}aj},
  booktitle = {Developments in Language Theory, {DLT 2009}},
  editor    = {Diekert, Volker and Nowotka, Dirk},
  pages     = {1--17},
  publisher = {{Springer}},
  series    = {Lecture {{Notes}} in {{Computer Science}}},
  title     = {Factorization {{Forests}}},
  volume    = {5583},
  year      = {2009}
}


@article{filiotR16,
  author  = {Emmanuel Filiot and Pierre{-}Alain Reynier},
  journal = {{SIGLOG} News},
  number  = {3},
  pages   = {4--19},
  title   = {Transducers, logic and algebra for functions of finite words},
  volume  = {3},
  year    = {2016}
}


@book{Eilenberg74,
  author    = {Eilenberg, Samuel},
  publisher = {Academic Press [A subsidiary of Harcourt Brace Jovanovich, Publishers], New York},
  title     = {Automata, languages, and machines. {V}ol. {A}},
  year      = 1974
}



@inproceedings{filiot2013two,
  author       = {Filiot, Emmanuel and Gauwin, Olivier and Reynier, Pierre-Alain and Servais, Fr{\'e}d{\'e}ric},
  booktitle    = {2013 28th Annual ACM/IEEE Symposium on Logic in Computer Science},
  organization = {IEEE},
  pages        = {468--477},
  title        = {From two-way to one-way finite state transducers},
  year         = {2013}
}


@inproceedings{polyregular-survey,
  author    = {Boja{\'n}czyk, Miko{\l}aj},
  booktitle = {Proceedings of the 37th Annual ACM/IEEE Symposium on Logic in Computer Science},
  series    = {LICS '22},
  title     = {Transducers of Polynomial Growth},
  year      = {2022}
}



@article{daviaud25,
  author  = {Laure Daviaud and Marianne Johnson},
  journal = {Logical Methods in Computer Science},
  month   = {Aug},
  title   = {Feasability of Learning Weighted Automata on a Semiring},
  volume  = {Volume 21, Issue 3},
  year    = {2025}
}


@misc{bojanczyk_slightly,
  author       = {Boja\'nczyk, Miko{\l}aj},
  howpublished = {Available at \url{mimuw.edu.pl/~bojan/paper/atom-book}. Accessed: July 3, 2025},
  title        = {Slightly infinite sets},
  year         = {2025}
}



@misc{blassDedekind2016,
  author       = {Andreas Blass},
  howpublished = {Unpublished manuscript at \url{www.math.lsa.umich.edu/~ablass/pd-finite.pdf}},
  title        = {Power-Dedekind Finiteness},
  year         = {2016}
}



@article{kaminskiFiniteMemoryAutomata1994,
  author  = {Kaminski, Michael and Francez, Nissim},
  journal = {Theor. Comput. Sci.},
  number  = {2},
  pages   = {329--363},
  title   = {Finite-{{Memory Automata}}},
  volume  = {134},
  year    = {1994}
}


@inproceedings{bojanczykOrbitFiniteSetsTheir2017,
  author    = {Boja\'nczyk, Miko{\l}aj},
  booktitle = {44th {{International Colloquium}} on {{Automata}}, {{Languages}}, and {{Programming}}, {{ICALP}} 2017, {{July}} 10-14, 2017, {{Warsaw}}, {{Poland}}},
  editor    = {Chatzigiannakis, Ioannis and Indyk, Piotr and Kuhn, Fabian and Muscholl, Anca},
  pages     = {1:1--1:14},
  publisher = {{Schloss Dagstuhl - Leibniz-Zentrum fuer Informatik}},
  series    = {{{LIPIcs}}},
  title     = {Orbit-{{Finite Sets}} and {{Their Algorithms}} ({{Invited Talk}})},
  volume    = {80},
  year      = {2017}
}


@article{bojanczykNominalMonoids2013,
  author  = {Boja\'nczyk, Miko{\l}aj},
  journal = {Theory Comput. Syst.},
  number  = {2},
  pages   = {194--222},
  title   = {Nominal {{Monoids}}},
  volume  = {53},
  year    = {2013}
}


@article{DBLP:journals/tocl/DemriL09,
  author  = {St{\'{e}}phane Demri and Ranko Lazic},
  journal = {{ACM} Trans. Comput. Log.},
  number  = {3},
  pages   = {16:1--16:30},
  title   = {{LTL} with the freeze quantifier and register automata},
  volume  = {10},
  year    = {2009}
}


@article{bojanczykTwovariableLogicData2009,
  author  = {Boja\'nczyk, Miko{\l}aj and Muscholl, Anca and Schwentick, Thomas and Segoufin, Luc},
  journal = {J. ACM},
  number  = {3},
  pages   = {13:1--13:48},
  title   = {Two-Variable Logic on Data Trees and {{XML}} Reasoning},
  volume  = {56},
  year    = {2009}
}


@article{bojanczykTwovariableLogicData2011,
  author  = {Boja{\'n}czyk, Miko{\l}aj and David, Claire and Muscholl, Anca and Schwentick, Thomas and Segoufin, Luc},
  journal = {ACM Trans. Comput. Log.},
  number  = {4},
  pages   = {27:1--27:26},
  title   = {Two-Variable Logic on Data Words},
  volume  = {12},
  year    = {2011}
}


@inproceedings{regexpKaminskiTan2004,
  address   = {Berlin, Heidelberg},
  author    = {Kaminski, Michael and Tan, Tony},
  booktitle = {Computing and Combinatorics},
  editor    = {Chwa, Kyung-Yong and Munro, J. Ian J.},
  pages     = {171--178},
  publisher = {Springer Berlin Heidelberg},
  title     = {Regular Expressions for Languages over Infinite Alphabets},
  year      = {2004}
}


@inproceedings{KleeneNominal2019,
  address   = {Dagstuhl, Germany},
  author    = {Brunet, Paul and Silva, Alexandra},
  booktitle = {46th International Colloquium on Automata, Languages, and Programming (ICALP 2019)},
  editor    = {Baier, Christel and Chatzigiannakis, Ioannis and Flocchini, Paola and Leonardi, Stefano},
  pages     = {107:1--107:13},
  publisher = {Schloss Dagstuhl -- Leibniz-Zentrum f{\"u}r Informatik},
  series    = {Leibniz International Proceedings in Informatics (LIPIcs)},
  title     = {{A Kleene Theorem for Nominal Automata}},
  volume    = {132},
  year      = {2019}
}


@article{regexpLibkin2015,
  author  = {Leonid Libkin and Tony Tan and Domagoj Vrgo{\v c}},
  journal = {Journal of Computer and System Sciences},
  number  = {7},
  pages   = {1278-1297},
  title   = {Regular expressions for data words},
  volume  = {81},
  year    = {2015}
}


@article{nevenFiniteStateMachines2004,
  author  = {Neven, Frank and Schwentick, Thomas and Vianu, Victor},
  journal = {ACM Trans. Comput. Log.},
  number  = {3},
  pages   = {403--435},
  title   = {Finite State Machines for Strings over Infinite Alphabets},
  volume  = {5},
  year    = {2004}
}


@inproceedings{bojanczykstefanski2020,
  address   = {Dagstuhl, Germany},
  author    = {Miko{\l}aj Boja{\'n}czyk and Rafa{\l} Stefa{\'n}ski},
  booktitle = {International Colloquium on Automata, Languages, and Programming (ICALP 2020)},
  editor    = {Artur Czumaj and Anuj Dawar and Emanuela Merelli},
  pages     = {113:1--113:14},
  publisher = {Schloss Dagstuhl--Leibniz-Zentrum f{\"u}r Informatik},
  series    = {Leibniz International Proceedings in Informatics (LIPIcs)},
  title     = {{Single-Use Automata and Transducers for Infinite Alphabets}},
  volume    = {168},
  year      = {2020}
}



@inproceedings{colcombet2015unambiguity,
  author       = {Colcombet, Thomas},
  booktitle    = {International Workshop on Descriptional Complexity of Formal Systems},
  organization = {Springer},
  pages        = {3--18},
  title        = {Unambiguity in automata theory},
  year         = {2015}
}


@book{PittsAM:nomsns,
  author    = {Andrew M. Pitts},
  publisher = {Cambridge University Press},
  series    = {Cambridge Tracts in Theoretical Computer Science},
  title     = {Nominal Sets: Names and Symmetry in Computer Science},
  volume    = 57,
  year      = 2013
}

@article{neven2003power,
  title     = {On the power of tree-walking automata},
  author    = {Neven, Frank and Schwentick, Thomas},
  journal   = {Information and Computation},
  volume    = {183},
  number    = {1},
  pages     = {86--103},
  year      = {2003},
  publisher = {Elsevier}
}


@article{bojanczykAutomataTheoryNominal2014,
  author  = {Boja\'nczyk, Miko{\l}aj and Klin, Bartek and Lasota, Slawomir},
  journal = {Logical Methods in Computer Science},
  number  = {3},
  title   = {Automata Theory in Nominal Sets},
  volume  = {10},
  year    = {2014}
}

@inproceedings{colcombet2012forms,
  title        = {Forms of determinism for automata (invited talk)},
  author       = {Colcombet, Thomas},
  booktitle    = {29th International Symposium on Theoretical Aspects of Computer Science (STACS 2012)},
  pages        = {1--23},
  year         = {2012},
  organization = {Schloss Dagstuhl--Leibniz-Zentrum f{\"u}r Informatik}
}


@inproceedings{functionSpaces2024,
  author    = {Mikolaj Bojanczyk and L{\^{e}} Th{\`{a}}nh Dung Nguy{\^{e}}n and Rafal Stefanski},
  booktitle = {ICALP},
  editor    = {Karl Bringmann and Martin Grohe and Gabriele Puppis and Ola Svensson},
  pages     = {130:1--130:20},
  publisher = {Schloss Dagstuhl - Leibniz-Zentrum f{\"{u}}r Informatik},
  series    = {LIPIcs},
  title     = {Function Spaces for Orbit-Finite Sets},
  volume    = {297},
  year      = {2024}
}



@article{orbitFiniteVectorTheoretics,
  author  = {Miko{\l}aj Boja{\'n}czyk and Joanna Fijalkow and Bartek Klin and Joshua Moerman},
  journal = {{TheoretiCS}},
  month   = May,
  title   = {{Orbit-Finite-Dimensional Vector Spaces and Weighted Register Automata}},
  volume  = {{Volume 3}},
  year    = {2024}
}


@article{moore1956gedanken,
  author  = {Moore, Edward F},
  journal = {Automata studies},
  pages   = {129--153},
  title   = {Gedanken-experiments on sequential machines},
  volume  = {34},
  year    = {1956}
}


@article{mealy1955method,
  author  = {Mealy, George H},
  journal = {The Bell System Technical Journal},
  number  = {5},
  pages   = {1045--1079},
  title   = {A method for synthesizing sequential circuits},
  volume  = {34},
  year    = {1955}
}


@inproceedings{reynolds1983types,
  title     = {Types, abstraction and parametric polymorphism},
  author    = {Reynolds, John C},
  booktitle = {Information Processing 83, Proceedings of the IFIP 9th World Computer Congres},
  pages     = {513--523},
  year      = {1983}
}

@inproceedings{fuchsbauer2018algebraic,
  title        = {The algebraic group model and its applications},
  author       = {Fuchsbauer, Georg and Kiltz, Eike and Loss, Julian},
  booktitle    = {Annual International Cryptology Conference},
  pages        = {33--62},
  year         = {2018},
  organization = {Springer}
}